%  my bibliography file
%

@article{Heerde,
author = {H. van Heerde, M. Fokkinga and N.Anciaux},
title = {'A framework to balance privacy and data usability using data
                  degradation'},
journal = {International Conference on Computational Science and
                  Engineering},
year = 2009
}

@article{Fleischer,
author = {P. Fleischer and N.Wong},
title = {'Taking steps to further improve our privacy practises'},
journal = {\texttt{http://googleblog.blogspot.com/2007/03/
                  taking-steps-to-further-improve-our.html}},
month = "March",
year = 2007
}

@article{Hillyard,
author = {D.Hillyard and M.Gauen},
title = {'Issues around the protection or revelation of personal
                  information'},
journal = {Knowledge, Technology and Policy},
year = 2007
}

@article{Aggarwal,
author = {G. Aggarwal et Al.},
title = {'Vision Paper: Enabling Privacy for the Paranoids'},
journal = {VLDB},
year = 2004
}

@article{Jiang,
author = {X. Jiang, J.I. Hong and J.A. Landay},
title = {'Approximate information flows: Socially-based modeling of
                  privacy in ubiqitous computing'},
journal = {UbiComp 02},
year = 2002
}

@MISC{Pentagon,
author = {Mike Mount},
title = "CNN.com, Hackers stole data on pentagon's newest fighter jet",
month = "April",
year = {2009},
note = "\texttt{http://www.cnn.com/2009/US/04/21/pentagon.hacked/index.html}"
}

@MISC{FBI,
key = "fbi",
title = "T.W. Post, Consultant breached fbi's computers",
month = "July",
year = {2007},
note = "\texttt{http://www.washingtonpost.com/wp-dyn/content/article/
                  2006/07/05/AR2006070501489\_pf.html}"
}

@MISC{W3C,
key = "w3c",
title = "W3C, Platform for privacy preferences (P3P) project",
month = "June",
year = {2005},
note = "\texttt{http://www.w3.org/P3P/}"
}

@article{hippocratic-dbs,
author = {R.Agrawal, J. Kiernan, R.Srikant and Y. Xu},
title = {'Hippocratic databases'},
journal = {VLDB},
year = 2002
}
